<?xml version="1.0" encoding="UTF-8"?><collection xmlns="http://www.loc.gov/MARC21/slim"><record><leader>00537nam--2200169-i-4500</leader><controlfield tag="001">000002506</controlfield><controlfield tag="002">20161230</controlfield><controlfield tag="005">20161230201025</controlfield><controlfield tag="008">060222s1000------------r-----000-0-eng-d</controlfield><datafield ind1=" " ind2=" " tag="040"><subfield code="a">IFIN-HH</subfield></datafield><datafield ind1=" " ind2=" " tag="080"><subfield code="a">539.1.074:539.16.07</subfield></datafield><datafield ind1="1" ind2=" " tag="100"><subfield code="a">Becker, Jan</subfield></datafield><datafield ind1="1" ind2="0" tag="245"><subfield code="a">Nuclear structure investigations and developments in nuclear electronics</subfield><subfield code="b">Studies of radiative transitions and transition rates</subfield><subfield code="c">Jan becker</subfield></datafield><datafield ind1=" " ind2=" " tag="260"><subfield code="a">Stockholm</subfield><subfield code="b">University</subfield><subfield code="c">1979</subfield></datafield><datafield ind1=" " ind2=" " tag="300"><subfield code="a">35 P</subfield></datafield><datafield ind1=" " ind2=" " tag="852"><subfield code="a">48552</subfield><subfield code="c">539.1.07:539.1.08</subfield></datafield><datafield ind1=" " ind2=" " tag="CAT"><subfield code="a">Sys</subfield><subfield code="c">20111027</subfield><subfield code="h">151533</subfield></datafield></record></collection>